<record xmlns="http://www.loc.gov/MARC21/slim" xmlns:xsi="http://www.w3.org/2001/XMLSchema-instance" xsi:schemaLocation="http://www.loc.gov/MARC21/slim http://www.loc.gov/standards/marcxml/schema/MARC21slim.xsd">

  <leader>00443nam a2200145Ia 4500</leader>
  <datafield tag="999" ind2=" " ind1=" ">
    <subfield code="c">1185</subfield>
    <subfield code="d">1185</subfield>
  </datafield>
  <controlfield tag="008">170504b1972    u  ||||| |||| 00| 0 e   d</controlfield>
  <datafield ind1=" " ind2=" " tag="090">
    <subfield code="a">082507 </subfield>
    <subfield code="b">K84s</subfield>
  </datafield>
  <datafield ind1="1" tag="100" ind2=" ">
    <subfield code="a">Koran, John J.</subfield>
    <subfield code="9">2692</subfield>
  </datafield>
  <datafield ind2="2" tag="245" ind1="1">
    <subfield code="a">A summary of research in science education for the years of 1968-69 college level science</subfield>
  </datafield>
  <datafield ind2=" " tag="260" ind1=" ">
    <subfield code="a">Ohio, Estados Unidos : </subfield>
    <subfield code="b">ERIC, </subfield>
    <subfield code="c">1972</subfield>
  </datafield>
  <datafield ind2=" " tag="300" ind1=" ">
    <subfield code="a">69 páginas</subfield>
  </datafield>
  <datafield tag="650" ind2="4" ind1="1">
    <subfield code="a">CIENCIA</subfield>
    <subfield code="9">890</subfield>
  </datafield>
  <datafield ind1="1" tag="650" ind2="4">
    <subfield code="a">ENSEÑANZA</subfield>
    <subfield code="9">14</subfield>
  </datafield>
  <datafield tag="942" ind2=" " ind1=" ">
    <subfield code="2">z</subfield>
    <subfield code="c">01</subfield>
  </datafield>
</record>